
@ARTICLE{KHR3,
   author = {{Kim}, J. and {Park}, C. and {Rossi}, G. and {Lee}, S.~M. and 
	{Gott}, III, J.~R.},
    title = "{The New Horizon Run Cosmological N-Body Simulations}",
  journal = {Journal of Korean Astronomical Society},
archivePrefix = "arXiv",
   eprint = {1112.1754},
 primaryClass = "astro-ph.CO",
 keywords = {cosmological parameters, cosmology: theory, large-scale structure of the Universe, galaxies: formation, methods: N-body simulations},
     year = 2011,
    month = dec,
   volume = 44,
    pages = {217-234},
      doi = {10.5303/JKAS.2011.44.6.217},
   adsurl = {http://adsabs.harvard.edu/abs/2011JKAS...44..217K},
  adsnote = {Provided by the SAO/NASA Astrophysics Data System}
}



@book{beta-def,
  title={A framework for computational morphology},
  author={{Kirkpatrick}, DG and {Radke}, JD},
  year={1984}
}

@article{Correa2011,
         author = {Correa, Carlos and Lindstrom, Peter},
         title = {Towards Robust Topology of Sparsely Sampled Data},
         journal = {IEEE Transactions on Visualization and Computer Graphics},
         issue_date = {December 2011},
         volume = {17},
         number = {12},
         month = dec,
         year = {2011},
         issn = {1077-2626},
         pages = {1852--1861},
         numpages = {10},
         doi = {10.1109/TVCG.2011.245},
      }

